

@article{seth2010measuring,
  title={Measuring autonomy and emergence via Granger causality},
  author={Seth, Anil K},
  journal={Artificial life},
  volume={16},
  number={2},
  pages={179--196},
  year={2010},
  publisher={MIT Press}
}


@article{rosas2020reconciling,
  title={Reconciling emergences: An information-theoretic approach to identify causal emergence in multivariate data},
  author={Rosas, Fernando E and Mediano, Pedro AM and Jensen, Henrik J and Seth, Anil K and Barrett, Adam B and Carhart-Harris, Robin L and Bor, Daniel},
  journal={PLoS computational biology},
  volume={16},
  number={12},
  pages={e1008289},
  year={2020},
  publisher={Public Library of Science San Francisco, CA USA}
}

